@article{BRENNER1961242,
title = {The slow motion of a sphere through a viscous fluid towards a plane surface},
journal = {Chemical Engineering Science},
volume = {16},
number = {3},
pages = {242-251},
year = {1961},
issn = {0009-2509},
doi = {https://doi.org/10.1016/0009-2509(61)80035-3},
url = {https://www.sciencedirect.com/science/article/pii/0009250961800353},
author = {Howard Brenner},
abstract = {Bipolar co-ordinates are employed to obtain “exact” solutions of the equations of slow, viscous flow for the steady motion of a solid sphere towards or away from a plane surface of infinite extent. Two cases are considered: (i) the plane surface is rigid and fluid adheres to its surface; (ii) the plane is a free surface on which the tangential stresses vanish. Deformation of the surface in the latter case is neglected. Numerical results are provided for the corrections to Stokes' law necessitated by the presence of the plane boundary at a finite distance from the particle. Application of the results to end-effect correlations in the falling-ball viscometer are discussed.
Résumé
Des coordonnées bipolaires sont utilisées pour obtenir des solutions “exactes” des équations relatives à l'écoulement lent et visqueux d'une sphére solide en mouvement uniforme au voisinage ou à distance d'une surface plane infinie. Deux cas sont considérés: (1) La surface plane est rigide et le fluide y adhère; (II) elle est libre et les forces tangentielles disparaissent. On néglige dans ce dernier cas la déformation de la surface. Des résultats numériques sont donnés pour les corrections de la loi de Stokes nécessitées par la présence d'un plan de séparation à une distance finie de la particule. Suit une discussion de l'application des résultats aux relations donnant l'effect des extrémités dans les viscosimètres à chute de bille.
Zusammenfassung
Mit Polarkoordinaten werden “exakte” Lösengun der Gleichungen für langsames viskoses Fliessen für die stationäre Bewegung einer festen Kugel gegen eine ebene, unendlich grosse Oberfläche, oder von ihr hinweg, erhalten. Es werden zwei Fälle betrachtet: (I) Die ebene Oberfläche ist fest und mit Flüssigkeit behaftet; (II) Es liegt eine freie Oberfläche vor, in der die Tangentialspannungen verschwinden. In diesem Fall wird die Verformung der Oberfläche vernachlässigy. Numerische Ergebnisse werden angegeben zur Korrektur des Stokes'schen Gesetzes, die infolge der Gegenwart einer ebenen Grenzfläche in endlicher Entfernung von dem Teilchen notwendig ist. Die Anwendung der Ergebnisse zur Korrektur von Endeffekten im Kugelviskosimeter wird diskutiert.}
}